%YAML 1.1
%TAG !u! tag:unity3d.com,2011:
--- !u!29 &1
OcclusionCullingSettings:
  m_ObjectHideFlags: 0
  serializedVersion: 2
  m_OcclusionBakeSettings:
    smallestOccluder: 5
    smallestHole: 0.25
    backfaceThreshold: 100
  m_SceneGUID: 00000000000000000000000000000000
  m_OcclusionCullingData: {fileID: 0}
--- !u!104 &2
RenderSettings:
  m_ObjectHideFlags: 0
  serializedVersion: 9
  m_Fog: 0
  m_FogColor: {r: 0.5, g: 0.5, b: 0.5, a: 1}
  m_FogMode: 3
  m_FogDensity: 0.01
  m_LinearFogStart: 0
  m_LinearFogEnd: 300
  m_AmbientSkyColor: {r: 0.212, g: 0.227, b: 0.259, a: 1}
  m_AmbientEquatorColor: {r: 0.114, g: 0.125, b: 0.133, a: 1}
  m_AmbientGroundColor: {r: 0.047, g: 0.043, b: 0.035, a: 1}
  m_AmbientIntensity: 1
  m_AmbientMode: 0
  m_SubtractiveShadowColor: {r: 0.42, g: 0.478, b: 0.627, a: 1}
  m_SkyboxMaterial: {fileID: 10304, guid: 0000000000000000f000000000000000, type: 0}
  m_HaloStrength: 0.5
  m_FlareStrength: 1
  m_FlareFadeSpeed: 3
  m_HaloTexture: {fileID: 0}
  m_SpotCookie: {fileID: 10001, guid: 0000000000000000e000000000000000, type: 0}
  m_DefaultReflectionMode: 0
  m_DefaultReflectionResolution: 128
  m_ReflectionBounces: 1
  m_ReflectionIntensity: 1
  m_CustomReflection: {fileID: 0}
  m_Sun: {fileID: 705507994}
  m_IndirectSpecularColor: {r: 0, g: 0, b: 0, a: 1}
  m_UseRadianceAmbientProbe: 0
--- !u!157 &3
LightmapSettings:
  m_ObjectHideFlags: 0
  serializedVersion: 11
  m_GIWorkflowMode: 1
  m_GISettings:
    serializedVersion: 2
    m_BounceScale: 1
    m_IndirectOutputScale: 1
    m_AlbedoBoost: 1
    m_EnvironmentLightingMode: 0
    m_EnableBakedLightmaps: 1
    m_EnableRealtimeLightmaps: 0
  m_LightmapEditorSettings:
    serializedVersion: 12
    m_Resolution: 2
    m_BakeResolution: 40
    m_AtlasSize: 1024
    m_AO: 0
    m_AOMaxDistance: 1
    m_CompAOExponent: 1
    m_CompAOExponentDirect: 0
    m_ExtractAmbientOcclusion: 0
    m_Padding: 2
    m_LightmapParameters: {fileID: 0}
    m_LightmapsBakeMode: 1
    m_TextureCompression: 1
    m_FinalGather: 0
    m_FinalGatherFiltering: 1
    m_FinalGatherRayCount: 256
    m_ReflectionCompression: 2
    m_MixedBakeMode: 2
    m_BakeBackend: 1
    m_PVRSampling: 1
    m_PVRDirectSampleCount: 32
    m_PVRSampleCount: 500
    m_PVRBounces: 2
    m_PVREnvironmentSampleCount: 500
    m_PVREnvironmentReferencePointCount: 2048
    m_PVRFilteringMode: 2
    m_PVRDenoiserTypeDirect: 0
    m_PVRDenoiserTypeIndirect: 0
    m_PVRDenoiserTypeAO: 0
    m_PVRFilterTypeDirect: 0
    m_PVRFilterTypeIndirect: 0
    m_PVRFilterTypeAO: 0
    m_PVREnvironmentMIS: 0
    m_PVRCulling: 1
    m_PVRFilteringGaussRadiusDirect: 1
    m_PVRFilteringGaussRadiusIndirect: 5
    m_PVRFilteringGaussRadiusAO: 2
    m_PVRFilteringAtrousPositionSigmaDirect: 0.5
    m_PVRFilteringAtrousPositionSigmaIndirect: 2
    m_PVRFilteringAtrousPositionSigmaAO: 1
    m_ExportTrainingData: 0
    m_TrainingDataDestination: TrainingData
    m_LightProbeSampleCountMultiplier: 4
  m_LightingDataAsset: {fileID: 0}
  m_UseShadowmask: 1
--- !u!196 &4
NavMeshSettings:
  serializedVersion: 2
  m_ObjectHideFlags: 0
  m_BuildSettings:
    serializedVersion: 2
    agentTypeID: 0
    agentRadius: 0.5
    agentHeight: 2
    agentSlope: 45
    agentClimb: 0.4
    ledgeDropHeight: 0
    maxJumpAcrossDistance: 0
    minRegionArea: 2
    manualCellSize: 0
    cellSize: 0.16666667
    manualTileSize: 0
    tileSize: 256
    accuratePlacement: 0
    debug:
      m_Flags: 0
  m_NavMeshData: {fileID: 0}
--- !u!1001 &109872269
PrefabInstance:
  m_ObjectHideFlags: 0
  serializedVersion: 2
  m_Modification:
    m_TransformParent: {fileID: 1728479980}
    m_Modifications:
    - target: {fileID: 7663652928391667214, guid: 040132da10630824e9def16ed425af66,
        type: 3}
      propertyPath: m_Pivot.x
      value: 0.5
      objectReference: {fileID: 0}
    - target: {fileID: 7663652928391667214, guid: 040132da10630824e9def16ed425af66,
        type: 3}
      propertyPath: m_Pivot.y
      value: 0.5
      objectReference: {fileID: 0}
    - target: {fileID: 7663652928391667214, guid: 040132da10630824e9def16ed425af66,
        type: 3}
      propertyPath: m_RootOrder
      value: 3
      objectReference: {fileID: 0}
    - target: {fileID: 7663652928391667214, guid: 040132da10630824e9def16ed425af66,
        type: 3}
      propertyPath: m_AnchorMax.x
      value: 0.5
      objectReference: {fileID: 0}
    - target: {fileID: 7663652928391667214, guid: 040132da10630824e9def16ed425af66,
        type: 3}
      propertyPath: m_AnchorMax.y
      value: 0.5
      objectReference: {fileID: 0}
    - target: {fileID: 7663652928391667214, guid: 040132da10630824e9def16ed425af66,
        type: 3}
      propertyPath: m_AnchorMin.x
      value: 0.5
      objectReference: {fileID: 0}
    - target: {fileID: 7663652928391667214, guid: 040132da10630824e9def16ed425af66,
        type: 3}
      propertyPath: m_AnchorMin.y
      value: 0.5
      objectReference: {fileID: 0}
    - target: {fileID: 7663652928391667214, guid: 040132da10630824e9def16ed425af66,
        type: 3}
      propertyPath: m_SizeDelta.x
      value: 70
      objectReference: {fileID: 0}
    - target: {fileID: 7663652928391667214, guid: 040132da10630824e9def16ed425af66,
        type: 3}
      propertyPath: m_SizeDelta.y
      value: 100
      objectReference: {fileID: 0}
    - target: {fileID: 7663652928391667214, guid: 040132da10630824e9def16ed425af66,
        type: 3}
      propertyPath: m_LocalPosition.x
      value: 0
      objectReference: {fileID: 0}
    - target: {fileID: 7663652928391667214, guid: 040132da10630824e9def16ed425af66,
        type: 3}
      propertyPath: m_LocalPosition.y
      value: 0
      objectReference: {fileID: 0}
    - target: {fileID: 7663652928391667214, guid: 040132da10630824e9def16ed425af66,
        type: 3}
      propertyPath: m_LocalPosition.z
      value: 0
      objectReference: {fileID: 0}
    - target: {fileID: 7663652928391667214, guid: 040132da10630824e9def16ed425af66,
        type: 3}
      propertyPath: m_LocalRotation.w
      value: 1
      objectReference: {fileID: 0}
    - target: {fileID: 7663652928391667214, guid: 040132da10630824e9def16ed425af66,
        type: 3}
      propertyPath: m_LocalRotation.x
      value: 0
      objectReference: {fileID: 0}
    - target: {fileID: 7663652928391667214, guid: 040132da10630824e9def16ed425af66,
        type: 3}
      propertyPath: m_LocalRotation.y
      value: 0
      objectReference: {fileID: 0}
    - target: {fileID: 7663652928391667214, guid: 040132da10630824e9def16ed425af66,
        type: 3}
      propertyPath: m_LocalRotation.z
      value: 0
      objectReference: {fileID: 0}
    - target: {fileID: 7663652928391667214, guid: 040132da10630824e9def16ed425af66,
        type: 3}
      propertyPath: m_AnchoredPosition.x
      value: -452
      objectReference: {fileID: 0}
    - target: {fileID: 7663652928391667214, guid: 040132da10630824e9def16ed425af66,
        type: 3}
      propertyPath: m_AnchoredPosition.y
      value: -188
      objectReference: {fileID: 0}
    - target: {fileID: 7663652928391667214, guid: 040132da10630824e9def16ed425af66,
        type: 3}
      propertyPath: m_LocalEulerAnglesHint.x
      value: 0
      objectReference: {fileID: 0}
    - target: {fileID: 7663652928391667214, guid: 040132da10630824e9def16ed425af66,
        type: 3}
      propertyPath: m_LocalEulerAnglesHint.y
      value: 0
      objectReference: {fileID: 0}
    - target: {fileID: 7663652928391667214, guid: 040132da10630824e9def16ed425af66,
        type: 3}
      propertyPath: m_LocalEulerAnglesHint.z
      value: 0
      objectReference: {fileID: 0}
    - target: {fileID: 7663652928391667215, guid: 040132da10630824e9def16ed425af66,
        type: 3}
      propertyPath: m_Name
      value: card1
      objectReference: {fileID: 0}
    - target: {fileID: 7663652928391667215, guid: 040132da10630824e9def16ed425af66,
        type: 3}
      propertyPath: m_IsActive
      value: 0
      objectReference: {fileID: 0}
    m_RemovedComponents: []
  m_SourcePrefab: {fileID: 100100000, guid: 040132da10630824e9def16ed425af66, type: 3}
--- !u!1 &109872270 stripped
GameObject:
  m_CorrespondingSourceObject: {fileID: 7663652928391667215, guid: 040132da10630824e9def16ed425af66,
    type: 3}
  m_PrefabInstance: {fileID: 109872269}
  m_PrefabAsset: {fileID: 0}
--- !u!1 &464348764
GameObject:
  m_ObjectHideFlags: 0
  m_CorrespondingSourceObject: {fileID: 0}
  m_PrefabInstance: {fileID: 0}
  m_PrefabAsset: {fileID: 0}
  serializedVersion: 6
  m_Component:
  - component: {fileID: 464348765}
  - component: {fileID: 464348767}
  - component: {fileID: 464348766}
  m_Layer: 5
  m_Name: GIFT1
  m_TagString: Untagged
  m_Icon: {fileID: 0}
  m_NavMeshLayer: 0
  m_StaticEditorFlags: 0
  m_IsActive: 0
--- !u!224 &464348765
RectTransform:
  m_ObjectHideFlags: 0
  m_CorrespondingSourceObject: {fileID: 0}
  m_PrefabInstance: {fileID: 0}
  m_PrefabAsset: {fileID: 0}
  m_GameObject: {fileID: 464348764}
  m_LocalRotation: {x: 0, y: 0, z: 0, w: 1}
  m_LocalPosition: {x: 0, y: 0, z: 0}
  m_LocalScale: {x: 2, y: 2, z: 1}
  m_Children: []
  m_Father: {fileID: 1728479980}
  m_RootOrder: 5
  m_LocalEulerAnglesHint: {x: 0, y: 0, z: 0}
  m_AnchorMin: {x: 0.5, y: 0.5}
  m_AnchorMax: {x: 0.5, y: 0.5}
  m_AnchoredPosition: {x: 0, y: -188}
  m_SizeDelta: {x: 100, y: 100}
  m_Pivot: {x: 0.5, y: 0.5}
--- !u!114 &464348766
MonoBehaviour:
  m_ObjectHideFlags: 0
  m_CorrespondingSourceObject: {fileID: 0}
  m_PrefabInstance: {fileID: 0}
  m_PrefabAsset: {fileID: 0}
  m_GameObject: {fileID: 464348764}
  m_Enabled: 1
  m_EditorHideFlags: 0
  m_Script: {fileID: 11500000, guid: fe87c0e1cc204ed48ad3b37840f39efc, type: 3}
  m_Name: 
  m_EditorClassIdentifier: 
  m_Material: {fileID: 0}
  m_Color: {r: 1, g: 1, b: 1, a: 1}
  m_RaycastTarget: 1
  m_Maskable: 1
  m_OnCullStateChanged:
    m_PersistentCalls:
      m_Calls: []
  m_Sprite: {fileID: 21300000, guid: c3e0ace040b8b174d9a9509762d1453a, type: 3}
  m_Type: 0
  m_PreserveAspect: 0
  m_FillCenter: 1
  m_FillMethod: 4
  m_FillAmount: 1
  m_FillClockwise: 1
  m_FillOrigin: 0
  m_UseSpriteMesh: 0
  m_PixelsPerUnitMultiplier: 1
--- !u!222 &464348767
CanvasRenderer:
  m_ObjectHideFlags: 0
  m_CorrespondingSourceObject: {fileID: 0}
  m_PrefabInstance: {fileID: 0}
  m_PrefabAsset: {fileID: 0}
  m_GameObject: {fileID: 464348764}
  m_CullTransparentMesh: 0
--- !u!1 &557739574
GameObject:
  m_ObjectHideFlags: 0
  m_CorrespondingSourceObject: {fileID: 0}
  m_PrefabInstance: {fileID: 0}
  m_PrefabAsset: {fileID: 0}
  serializedVersion: 6
  m_Component:
  - component: {fileID: 557739575}
  - component: {fileID: 557739577}
  - component: {fileID: 557739576}
  m_Layer: 5
  m_Name: Exit
  m_TagString: Untagged
  m_Icon: {fileID: 0}
  m_NavMeshLayer: 0
  m_StaticEditorFlags: 0
  m_IsActive: 1
--- !u!224 &557739575
RectTransform:
  m_ObjectHideFlags: 0
  m_CorrespondingSourceObject: {fileID: 0}
  m_PrefabInstance: {fileID: 0}
  m_PrefabAsset: {fileID: 0}
  m_GameObject: {fileID: 557739574}
  m_LocalRotation: {x: -0, y: -0, z: -0, w: 1}
  m_LocalPosition: {x: 0, y: 0, z: 0}
  m_LocalScale: {x: 0.5, y: 0.5, z: 1}
  m_Children: []
  m_Father: {fileID: 1728479978}
  m_RootOrder: 0
  m_LocalEulerAnglesHint: {x: 0, y: 0, z: 0}
  m_AnchorMin: {x: 0, y: 0}
  m_AnchorMax: {x: 1, y: 1}
  m_AnchoredPosition: {x: 34, y: 51.649994}
  m_SizeDelta: {x: 120.15347, y: -6}
  m_Pivot: {x: 0.5, y: 0.5}
--- !u!114 &557739576
MonoBehaviour:
  m_ObjectHideFlags: 0
  m_CorrespondingSourceObject: {fileID: 0}
  m_PrefabInstance: {fileID: 0}
  m_PrefabAsset: {fileID: 0}
  m_GameObject: {fileID: 557739574}
  m_Enabled: 1
  m_EditorHideFlags: 0
  m_Script: {fileID: 11500000, guid: f4688fdb7df04437aeb418b961361dc5, type: 3}
  m_Name: 
  m_EditorClassIdentifier: 
  m_Material: {fileID: 0}
  m_Color: {r: 1, g: 1, b: 1, a: 1}
  m_RaycastTarget: 1
  m_Maskable: 1
  m_OnCullStateChanged:
    m_PersistentCalls:
      m_Calls: []
  m_text: QUIT
  m_isRightToLeft: 0
  m_fontAsset: {fileID: 11400000, guid: 5302535af1044152a457ed104f1f4b91, type: 2}
  m_sharedMaterial: {fileID: 2164040, guid: 5302535af1044152a457ed104f1f4b91, type: 2}
  m_fontSharedMaterials: []
  m_fontMaterial: {fileID: 0}
  m_fontMaterials: []
  m_fontColor32:
    serializedVersion: 2
    rgba: 4294967295
  m_fontColor: {r: 1, g: 1, b: 1, a: 1}
  m_enableVertexGradient: 1
  m_colorMode: 3
  m_fontColorGradient:
    topLeft: {r: 1, g: 1, b: 1, a: 1}
    topRight: {r: 1, g: 1, b: 1, a: 1}
    bottomLeft: {r: 1, g: 1, b: 1, a: 1}
    bottomRight: {r: 1, g: 1, b: 1, a: 1}
  m_fontColorGradientPreset: {fileID: 11400000, guid: 91f6d06cc1c834201a95663aaf9f9375,
    type: 2}
  m_spriteAsset: {fileID: 0}
  m_tintAllSprites: 0
  m_StyleSheet: {fileID: 0}
  m_TextStyleHashCode: -1183493901
  m_overrideHtmlColors: 0
  m_faceColor:
    serializedVersion: 2
    rgba: 4294967295
  m_fontSize: 67.8
  m_fontSizeBase: 67.8
  m_fontWeight: 400
  m_enableAutoSizing: 0
  m_fontSizeMin: 18
  m_fontSizeMax: 72
  m_fontStyle: 1
  m_HorizontalAlignment: 2
  m_VerticalAlignment: 512
  m_textAlignment: 65535
  m_characterSpacing: 0
  m_wordSpacing: 0
  m_lineSpacing: 0
  m_lineSpacingMax: 0
  m_paragraphSpacing: 0
  m_charWidthMaxAdj: 0
  m_enableWordWrapping: 1
  m_wordWrappingRatios: 0.4
  m_overflowMode: 0
  m_linkedTextComponent: {fileID: 0}
  parentLinkedComponent: {fileID: 0}
  m_enableKerning: 1
  m_enableExtraPadding: 0
  checkPaddingRequired: 0
  m_isRichText: 1
  m_parseCtrlCharacters: 1
  m_isOrthographic: 1
  m_isCullingEnabled: 0
  m_horizontalMapping: 0
  m_verticalMapping: 0
  m_uvLineOffset: 0
  m_geometrySortingOrder: 0
  m_IsTextObjectScaleStatic: 0
  m_VertexBufferAutoSizeReduction: 1
  m_useMaxVisibleDescender: 1
  m_pageToDisplay: 1
  m_margin: {x: -160.95557, y: 70.160095, z: 0, w: -132.0661}
  m_isUsingLegacyAnimationComponent: 0
  m_isVolumetricText: 0
  m_hasFontAssetChanged: 0
  m_baseMaterial: {fileID: 0}
  m_maskOffset: {x: 0, y: 0, z: 0, w: 0}
--- !u!222 &557739577
CanvasRenderer:
  m_ObjectHideFlags: 0
  m_CorrespondingSourceObject: {fileID: 0}
  m_PrefabInstance: {fileID: 0}
  m_PrefabAsset: {fileID: 0}
  m_GameObject: {fileID: 557739574}
  m_CullTransparentMesh: 0
--- !u!1 &705507993
GameObject:
  m_ObjectHideFlags: 0
  m_CorrespondingSourceObject: {fileID: 0}
  m_PrefabInstance: {fileID: 0}
  m_PrefabAsset: {fileID: 0}
  serializedVersion: 6
  m_Component:
  - component: {fileID: 705507995}
  - component: {fileID: 705507994}
  m_Layer: 0
  m_Name: Directional Light
  m_TagString: Untagged
  m_Icon: {fileID: 0}
  m_NavMeshLayer: 0
  m_StaticEditorFlags: 0
  m_IsActive: 1
--- !u!108 &705507994
Light:
  m_ObjectHideFlags: 0
  m_CorrespondingSourceObject: {fileID: 0}
  m_PrefabInstance: {fileID: 0}
  m_PrefabAsset: {fileID: 0}
  m_GameObject: {fileID: 705507993}
  m_Enabled: 1
  serializedVersion: 10
  m_Type: 1
  m_Shape: 0
  m_Color: {r: 1, g: 0.95686275, b: 0.8392157, a: 1}
  m_Intensity: 1
  m_Range: 10
  m_SpotAngle: 30
  m_InnerSpotAngle: 21.802082
  m_CookieSize: 10
  m_Shadows:
    m_Type: 2
    m_Resolution: -1
    m_CustomResolution: -1
    m_Strength: 1
    m_Bias: 0.05
    m_NormalBias: 0.4
    m_NearPlane: 0.2
    m_CullingMatrixOverride:
      e00: 1
      e01: 0
      e02: 0
      e03: 0
      e10: 0
      e11: 1
      e12: 0
      e13: 0
      e20: 0
      e21: 0
      e22: 1
      e23: 0
      e30: 0
      e31: 0
      e32: 0
      e33: 1
    m_UseCullingMatrixOverride: 0
  m_Cookie: {fileID: 0}
  m_DrawHalo: 0
  m_Flare: {fileID: 0}
  m_RenderMode: 0
  m_CullingMask:
    serializedVersion: 2
    m_Bits: 4294967295
  m_RenderingLayerMask: 1
  m_Lightmapping: 1
  m_LightShadowCasterMode: 0
  m_AreaSize: {x: 1, y: 1}
  m_BounceIntensity: 1
  m_ColorTemperature: 6570
  m_UseColorTemperature: 0
  m_BoundingSphereOverride: {x: 0, y: 0, z: 0, w: 0}
  m_UseBoundingSphereOverride: 0
  m_ShadowRadius: 0
  m_ShadowAngle: 0
--- !u!4 &705507995
Transform:
  m_ObjectHideFlags: 0
  m_CorrespondingSourceObject: {fileID: 0}
  m_PrefabInstance: {fileID: 0}
  m_PrefabAsset: {fileID: 0}
  m_GameObject: {fileID: 705507993}
  m_LocalRotation: {x: 0.40821788, y: -0.23456968, z: 0.10938163, w: 0.8754261}
  m_LocalPosition: {x: 0, y: 3, z: 0}
  m_LocalScale: {x: 1, y: 1, z: 1}
  m_Children: []
  m_Father: {fileID: 0}
  m_RootOrder: 0
  m_LocalEulerAnglesHint: {x: 50, y: -30, z: 0}
--- !u!1 &947831653
GameObject:
  m_ObjectHideFlags: 0
  m_CorrespondingSourceObject: {fileID: 0}
  m_PrefabInstance: {fileID: 0}
  m_PrefabAsset: {fileID: 0}
  serializedVersion: 6
  m_Component:
  - component: {fileID: 947831654}
  - component: {fileID: 947831656}
  - component: {fileID: 947831655}
  m_Layer: 5
  m_Name: Restart
  m_TagString: Untagged
  m_Icon: {fileID: 0}
  m_NavMeshLayer: 0
  m_StaticEditorFlags: 0
  m_IsActive: 1
--- !u!224 &947831654
RectTransform:
  m_ObjectHideFlags: 0
  m_CorrespondingSourceObject: {fileID: 0}
  m_PrefabInstance: {fileID: 0}
  m_PrefabAsset: {fileID: 0}
  m_GameObject: {fileID: 947831653}
  m_LocalRotation: {x: -0, y: -0, z: -0, w: 1}
  m_LocalPosition: {x: 0, y: 0, z: 0}
  m_LocalScale: {x: 0.5, y: 0.5, z: 1}
  m_Children: []
  m_Father: {fileID: 1728479979}
  m_RootOrder: 0
  m_LocalEulerAnglesHint: {x: 0, y: 0, z: 0}
  m_AnchorMin: {x: 0, y: 0}
  m_AnchorMax: {x: 1, y: 1}
  m_AnchoredPosition: {x: 58, y: 50}
  m_SizeDelta: {x: 62, y: -6}
  m_Pivot: {x: 0.5, y: 0.5}
--- !u!114 &947831655
MonoBehaviour:
  m_ObjectHideFlags: 0
  m_CorrespondingSourceObject: {fileID: 0}
  m_PrefabInstance: {fileID: 0}
  m_PrefabAsset: {fileID: 0}
  m_GameObject: {fileID: 947831653}
  m_Enabled: 1
  m_EditorHideFlags: 0
  m_Script: {fileID: 11500000, guid: f4688fdb7df04437aeb418b961361dc5, type: 3}
  m_Name: 
  m_EditorClassIdentifier: 
  m_Material: {fileID: 0}
  m_Color: {r: 1, g: 1, b: 1, a: 1}
  m_RaycastTarget: 1
  m_Maskable: 1
  m_OnCullStateChanged:
    m_PersistentCalls:
      m_Calls: []
  m_text: RESTART
  m_isRightToLeft: 0
  m_fontAsset: {fileID: 11400000, guid: 5302535af1044152a457ed104f1f4b91, type: 2}
  m_sharedMaterial: {fileID: 2164040, guid: 5302535af1044152a457ed104f1f4b91, type: 2}
  m_fontSharedMaterials: []
  m_fontMaterial: {fileID: 0}
  m_fontMaterials: []
  m_fontColor32:
    serializedVersion: 2
    rgba: 4294967295
  m_fontColor: {r: 1, g: 1, b: 1, a: 1}
  m_enableVertexGradient: 1
  m_colorMode: 3
  m_fontColorGradient:
    topLeft: {r: 1, g: 1, b: 1, a: 1}
    topRight: {r: 1, g: 1, b: 1, a: 1}
    bottomLeft: {r: 1, g: 1, b: 1, a: 1}
    bottomRight: {r: 1, g: 1, b: 1, a: 1}
  m_fontColorGradientPreset: {fileID: 11400000, guid: 91f6d06cc1c834201a95663aaf9f9375,
    type: 2}
  m_spriteAsset: {fileID: 0}
  m_tintAllSprites: 0
  m_StyleSheet: {fileID: 0}
  m_TextStyleHashCode: -1183493901
  m_overrideHtmlColors: 0
  m_faceColor:
    serializedVersion: 2
    rgba: 4294967295
  m_fontSize: 67.8
  m_fontSizeBase: 67.8
  m_fontWeight: 400
  m_enableAutoSizing: 0
  m_fontSizeMin: 18
  m_fontSizeMax: 72
  m_fontStyle: 1
  m_HorizontalAlignment: 2
  m_VerticalAlignment: 512
  m_textAlignment: 65535
  m_characterSpacing: 0
  m_wordSpacing: 0
  m_lineSpacing: 0
  m_lineSpacingMax: 0
  m_paragraphSpacing: 0
  m_charWidthMaxAdj: 0
  m_enableWordWrapping: 1
  m_wordWrappingRatios: 0.4
  m_overflowMode: 0
  m_linkedTextComponent: {fileID: 0}
  parentLinkedComponent: {fileID: 0}
  m_enableKerning: 1
  m_enableExtraPadding: 0
  checkPaddingRequired: 0
  m_isRichText: 1
  m_parseCtrlCharacters: 1
  m_isOrthographic: 1
  m_isCullingEnabled: 0
  m_horizontalMapping: 0
  m_verticalMapping: 0
  m_uvLineOffset: 0
  m_geometrySortingOrder: 0
  m_IsTextObjectScaleStatic: 0
  m_VertexBufferAutoSizeReduction: 1
  m_useMaxVisibleDescender: 1
  m_pageToDisplay: 1
  m_margin: {x: -160.95557, y: 70.160095, z: 0, w: -132.0661}
  m_isUsingLegacyAnimationComponent: 0
  m_isVolumetricText: 0
  m_hasFontAssetChanged: 0
  m_baseMaterial: {fileID: 0}
  m_maskOffset: {x: 0, y: 0, z: 0, w: 0}
--- !u!222 &947831656
CanvasRenderer:
  m_ObjectHideFlags: 0
  m_CorrespondingSourceObject: {fileID: 0}
  m_PrefabInstance: {fileID: 0}
  m_PrefabAsset: {fileID: 0}
  m_GameObject: {fileID: 947831653}
  m_CullTransparentMesh: 0
--- !u!1 &1036210957
GameObject:
  m_ObjectHideFlags: 0
  m_CorrespondingSourceObject: {fileID: 0}
  m_PrefabInstance: {fileID: 0}
  m_PrefabAsset: {fileID: 0}
  serializedVersion: 6
  m_Component:
  - component: {fileID: 1036210960}
  - component: {fileID: 1036210959}
  - component: {fileID: 1036210958}
  m_Layer: 0
  m_Name: EventSystem
  m_TagString: Untagged
  m_Icon: {fileID: 0}
  m_NavMeshLayer: 0
  m_StaticEditorFlags: 0
  m_IsActive: 1
--- !u!114 &1036210958
MonoBehaviour:
  m_ObjectHideFlags: 0
  m_CorrespondingSourceObject: {fileID: 0}
  m_PrefabInstance: {fileID: 0}
  m_PrefabAsset: {fileID: 0}
  m_GameObject: {fileID: 1036210957}
  m_Enabled: 1
  m_EditorHideFlags: 0
  m_Script: {fileID: 11500000, guid: 4f231c4fb786f3946a6b90b886c48677, type: 3}
  m_Name: 
  m_EditorClassIdentifier: 
  m_HorizontalAxis: Horizontal
  m_VerticalAxis: Vertical
  m_SubmitButton: Submit
  m_CancelButton: Cancel
  m_InputActionsPerSecond: 10
  m_RepeatDelay: 0.5
  m_ForceModuleActive: 0
--- !u!114 &1036210959
MonoBehaviour:
  m_ObjectHideFlags: 0
  m_CorrespondingSourceObject: {fileID: 0}
  m_PrefabInstance: {fileID: 0}
  m_PrefabAsset: {fileID: 0}
  m_GameObject: {fileID: 1036210957}
  m_Enabled: 1
  m_EditorHideFlags: 0
  m_Script: {fileID: 11500000, guid: 76c392e42b5098c458856cdf6ecaaaa1, type: 3}
  m_Name: 
  m_EditorClassIdentifier: 
  m_FirstSelected: {fileID: 0}
  m_sendNavigationEvents: 1
  m_DragThreshold: 10
--- !u!4 &1036210960
Transform:
  m_ObjectHideFlags: 0
  m_CorrespondingSourceObject: {fileID: 0}
  m_PrefabInstance: {fileID: 0}
  m_PrefabAsset: {fileID: 0}
  m_GameObject: {fileID: 1036210957}
  m_LocalRotation: {x: 0, y: 0, z: 0, w: 1}
  m_LocalPosition: {x: 0, y: 0, z: 0}
  m_LocalScale: {x: 1, y: 1, z: 1}
  m_Children: []
  m_Father: {fileID: 0}
  m_RootOrder: 3
  m_LocalEulerAnglesHint: {x: 0, y: 0, z: 0}
--- !u!1 &1267776805
GameObject:
  m_ObjectHideFlags: 0
  m_CorrespondingSourceObject: {fileID: 0}
  m_PrefabInstance: {fileID: 0}
  m_PrefabAsset: {fileID: 0}
  serializedVersion: 6
  m_Component:
  - component: {fileID: 1267776807}
  - component: {fileID: 1267776806}
  m_Layer: 0
  m_Name: AR Session Origin
  m_TagString: Untagged
  m_Icon: {fileID: 0}
  m_NavMeshLayer: 0
  m_StaticEditorFlags: 0
  m_IsActive: 1
--- !u!114 &1267776806
MonoBehaviour:
  m_ObjectHideFlags: 0
  m_CorrespondingSourceObject: {fileID: 0}
  m_PrefabInstance: {fileID: 0}
  m_PrefabAsset: {fileID: 0}
  m_GameObject: {fileID: 1267776805}
  m_Enabled: 1
  m_EditorHideFlags: 0
  m_Script: {fileID: 11500000, guid: 520bb47c46cf8624fafb307b7d1b862a, type: 3}
  m_Name: 
  m_EditorClassIdentifier: 
  m_Camera: {fileID: 1855931211}
--- !u!4 &1267776807
Transform:
  m_ObjectHideFlags: 0
  m_CorrespondingSourceObject: {fileID: 0}
  m_PrefabInstance: {fileID: 0}
  m_PrefabAsset: {fileID: 0}
  m_GameObject: {fileID: 1267776805}
  m_LocalRotation: {x: 0, y: 0, z: 0, w: 1}
  m_LocalPosition: {x: 0, y: 0, z: 0}
  m_LocalScale: {x: 1, y: 1, z: 1}
  m_Children:
  - {fileID: 1855931215}
  m_Father: {fileID: 0}
  m_RootOrder: 2
  m_LocalEulerAnglesHint: {x: 0, y: 0, z: 0}
--- !u!1001 &1728479977
PrefabInstance:
  m_ObjectHideFlags: 0
  serializedVersion: 2
  m_Modification:
    m_TransformParent: {fileID: 0}
    m_Modifications:
    - target: {fileID: 7773842466762963051, guid: 35c4eaed51bda4038b789d1556d625b9,
        type: 3}
      propertyPath: m_IsActive
      value: 0
      objectReference: {fileID: 0}
    - target: {fileID: 7779756928203361609, guid: 35c4eaed51bda4038b789d1556d625b9,
        type: 3}
      propertyPath: m_RootOrder
      value: 7
      objectReference: {fileID: 0}
    - target: {fileID: 8206427289396678021, guid: 35c4eaed51bda4038b789d1556d625b9,
        type: 3}
      propertyPath: m_AnchoredPosition.y
      value: 133
      objectReference: {fileID: 0}
    - target: {fileID: 8898830014774765488, guid: 35c4eaed51bda4038b789d1556d625b9,
        type: 3}
      propertyPath: m_Colors.m_NormalColor.a
      value: 0
      objectReference: {fileID: 0}
    - target: {fileID: 8898830014774765488, guid: 35c4eaed51bda4038b789d1556d625b9,
        type: 3}
      propertyPath: m_Colors.m_NormalColor.b
      value: 0.6039216
      objectReference: {fileID: 0}
    - target: {fileID: 8898830014774765488, guid: 35c4eaed51bda4038b789d1556d625b9,
        type: 3}
      propertyPath: m_Colors.m_NormalColor.g
      value: 0.40784317
      objectReference: {fileID: 0}
    - target: {fileID: 8898830014774765488, guid: 35c4eaed51bda4038b789d1556d625b9,
        type: 3}
      propertyPath: m_Colors.m_NormalColor.r
      value: 0.24313727
      objectReference: {fileID: 0}
    - target: {fileID: 8898830014774765488, guid: 35c4eaed51bda4038b789d1556d625b9,
        type: 3}
      propertyPath: m_Colors.m_PressedColor.a
      value: 0.6313726
      objectReference: {fileID: 0}
    - target: {fileID: 8898830014774765488, guid: 35c4eaed51bda4038b789d1556d625b9,
        type: 3}
      propertyPath: m_Colors.m_SelectedColor.b
      value: 0.2392157
      objectReference: {fileID: 0}
    - target: {fileID: 8898830014774765488, guid: 35c4eaed51bda4038b789d1556d625b9,
        type: 3}
      propertyPath: m_Colors.m_SelectedColor.g
      value: 0.2392157
      objectReference: {fileID: 0}
    - target: {fileID: 8898830014774765488, guid: 35c4eaed51bda4038b789d1556d625b9,
        type: 3}
      propertyPath: m_Colors.m_SelectedColor.r
      value: 0.2392157
      objectReference: {fileID: 0}
    - target: {fileID: 8898830014774765488, guid: 35c4eaed51bda4038b789d1556d625b9,
        type: 3}
      propertyPath: m_Colors.m_HighlightedColor.a
      value: 0.23921569
      objectReference: {fileID: 0}
    - target: {fileID: 8898830014774765488, guid: 35c4eaed51bda4038b789d1556d625b9,
        type: 3}
      propertyPath: m_Colors.m_HighlightedColor.b
      value: 0.6039216
      objectReference: {fileID: 0}
    - target: {fileID: 8898830014774765488, guid: 35c4eaed51bda4038b789d1556d625b9,
        type: 3}
      propertyPath: m_Colors.m_HighlightedColor.g
      value: 0.6
      objectReference: {fileID: 0}
    - target: {fileID: 8898830014774765488, guid: 35c4eaed51bda4038b789d1556d625b9,
        type: 3}
      propertyPath: m_Colors.m_HighlightedColor.r
      value: 0.6
      objectReference: {fileID: 0}
    - target: {fileID: 8898830014774765488, guid: 35c4eaed51bda4038b789d1556d625b9,
        type: 3}
      propertyPath: m_OnClick.m_PersistentCalls.m_Calls.Array.size
      value: 1
      objectReference: {fileID: 0}
    - target: {fileID: 8898830014774765488, guid: 35c4eaed51bda4038b789d1556d625b9,
        type: 3}
      propertyPath: m_OnClick.m_PersistentCalls.m_Calls.Array.data[0].m_Mode
      value: 3
      objectReference: {fileID: 0}
    - target: {fileID: 8898830014774765488, guid: 35c4eaed51bda4038b789d1556d625b9,
        type: 3}
      propertyPath: m_OnClick.m_PersistentCalls.m_Calls.Array.data[0].m_Target
      value: 
      objectReference: {fileID: 3978676172533967596, guid: 4d835343481654e229d971c1f4f62523,
        type: 3}
    - target: {fileID: 8898830014774765488, guid: 35c4eaed51bda4038b789d1556d625b9,
        type: 3}
      propertyPath: m_OnClick.m_PersistentCalls.m_Calls.Array.data[0].m_MethodName
      value: ChangeScene
      objectReference: {fileID: 0}
    - target: {fileID: 8898830014774765488, guid: 35c4eaed51bda4038b789d1556d625b9,
        type: 3}
      propertyPath: m_OnClick.m_PersistentCalls.m_Calls.Array.data[0].m_Arguments.m_IntArgument
      value: 3
      objectReference: {fileID: 0}
    - target: {fileID: 8898830014774765488, guid: 35c4eaed51bda4038b789d1556d625b9,
        type: 3}
      propertyPath: m_OnClick.m_PersistentCalls.m_Calls.Array.data[0].m_Arguments.m_ObjectArgumentAssemblyTypeName
      value: UnityEngine.Object, UnityEngine
      objectReference: {fileID: 0}
    - target: {fileID: 8898830014774765502, guid: 35c4eaed51bda4038b789d1556d625b9,
        type: 3}
      propertyPath: m_Text
      value: 
      objectReference: {fileID: 0}
    - target: {fileID: 8898830014774765502, guid: 35c4eaed51bda4038b789d1556d625b9,
        type: 3}
      propertyPath: m_Color.b
      value: 0.38431376
      objectReference: {fileID: 0}
    - target: {fileID: 8898830014774765502, guid: 35c4eaed51bda4038b789d1556d625b9,
        type: 3}
      propertyPath: m_Color.g
      value: 0.38431376
      objectReference: {fileID: 0}
    - target: {fileID: 8898830014774765502, guid: 35c4eaed51bda4038b789d1556d625b9,
        type: 3}
      propertyPath: m_Color.r
      value: 0.38431376
      objectReference: {fileID: 0}
    - target: {fileID: 8898830014774765502, guid: 35c4eaed51bda4038b789d1556d625b9,
        type: 3}
      propertyPath: m_Enabled
      value: 1
      objectReference: {fileID: 0}
    - target: {fileID: 8898830014774765502, guid: 35c4eaed51bda4038b789d1556d625b9,
        type: 3}
      propertyPath: m_FontData.m_Alignment
      value: 4
      objectReference: {fileID: 0}
    - target: {fileID: 8898830014774765503, guid: 35c4eaed51bda4038b789d1556d625b9,
        type: 3}
      propertyPath: m_SizeDelta.x
      value: 196.5
      objectReference: {fileID: 0}
    - target: {fileID: 8898830014774765503, guid: 35c4eaed51bda4038b789d1556d625b9,
        type: 3}
      propertyPath: m_AnchoredPosition.x
      value: -262.6
      objectReference: {fileID: 0}
    - target: {fileID: 8898830014774765503, guid: 35c4eaed51bda4038b789d1556d625b9,
        type: 3}
      propertyPath: m_AnchoredPosition.y
      value: -84.2
      objectReference: {fileID: 0}
    - target: {fileID: 8898830015910241477, guid: 35c4eaed51bda4038b789d1556d625b9,
        type: 3}
      propertyPath: m_Name
      value: GameOverPrefab
      objectReference: {fileID: 0}
    - target: {fileID: 8898830015910241477, guid: 35c4eaed51bda4038b789d1556d625b9,
        type: 3}
      propertyPath: m_IsActive
      value: 1
      objectReference: {fileID: 0}
    - target: {fileID: 8898830015910241478, guid: 35c4eaed51bda4038b789d1556d625b9,
        type: 3}
      propertyPath: m_AdditionalShaderChannelsFlag
      value: 25
      objectReference: {fileID: 0}
    - target: {fileID: 8898830015910241529, guid: 35c4eaed51bda4038b789d1556d625b9,
        type: 3}
      propertyPath: m_Pivot.x
      value: 0
      objectReference: {fileID: 0}
    - target: {fileID: 8898830015910241529, guid: 35c4eaed51bda4038b789d1556d625b9,
        type: 3}
      propertyPath: m_Pivot.y
      value: 0
      objectReference: {fileID: 0}
    - target: {fileID: 8898830015910241529, guid: 35c4eaed51bda4038b789d1556d625b9,
        type: 3}
      propertyPath: m_RootOrder
      value: 4
      objectReference: {fileID: 0}
    - target: {fileID: 8898830015910241529, guid: 35c4eaed51bda4038b789d1556d625b9,
        type: 3}
      propertyPath: m_AnchorMax.x
      value: 0
      objectReference: {fileID: 0}
    - target: {fileID: 8898830015910241529, guid: 35c4eaed51bda4038b789d1556d625b9,
        type: 3}
      propertyPath: m_AnchorMax.y
      value: 0
      objectReference: {fileID: 0}
    - target: {fileID: 8898830015910241529, guid: 35c4eaed51bda4038b789d1556d625b9,
        type: 3}
      propertyPath: m_AnchorMin.x
      value: 0
      objectReference: {fileID: 0}
    - target: {fileID: 8898830015910241529, guid: 35c4eaed51bda4038b789d1556d625b9,
        type: 3}
      propertyPath: m_AnchorMin.y
      value: 0
      objectReference: {fileID: 0}
    - target: {fileID: 8898830015910241529, guid: 35c4eaed51bda4038b789d1556d625b9,
        type: 3}
      propertyPath: m_SizeDelta.x
      value: 0
      objectReference: {fileID: 0}
    - target: {fileID: 8898830015910241529, guid: 35c4eaed51bda4038b789d1556d625b9,
        type: 3}
      propertyPath: m_SizeDelta.y
      value: 0
      objectReference: {fileID: 0}
    - target: {fileID: 8898830015910241529, guid: 35c4eaed51bda4038b789d1556d625b9,
        type: 3}
      propertyPath: m_LocalPosition.x
      value: 0
      objectReference: {fileID: 0}
    - target: {fileID: 8898830015910241529, guid: 35c4eaed51bda4038b789d1556d625b9,
        type: 3}
      propertyPath: m_LocalPosition.y
      value: 0
      objectReference: {fileID: 0}
    - target: {fileID: 8898830015910241529, guid: 35c4eaed51bda4038b789d1556d625b9,
        type: 3}
      propertyPath: m_LocalPosition.z
      value: 0
      objectReference: {fileID: 0}
    - target: {fileID: 8898830015910241529, guid: 35c4eaed51bda4038b789d1556d625b9,
        type: 3}
      propertyPath: m_LocalRotation.w
      value: 1
      objectReference: {fileID: 0}
    - target: {fileID: 8898830015910241529, guid: 35c4eaed51bda4038b789d1556d625b9,
        type: 3}
      propertyPath: m_LocalRotation.x
      value: 0
      objectReference: {fileID: 0}
    - target: {fileID: 8898830015910241529, guid: 35c4eaed51bda4038b789d1556d625b9,
        type: 3}
      propertyPath: m_LocalRotation.y
      value: 0
      objectReference: {fileID: 0}
    - target: {fileID: 8898830015910241529, guid: 35c4eaed51bda4038b789d1556d625b9,
        type: 3}
      propertyPath: m_LocalRotation.z
      value: 0
      objectReference: {fileID: 0}
    - target: {fileID: 8898830015910241529, guid: 35c4eaed51bda4038b789d1556d625b9,
        type: 3}
      propertyPath: m_AnchoredPosition.x
      value: 0
      objectReference: {fileID: 0}
    - target: {fileID: 8898830015910241529, guid: 35c4eaed51bda4038b789d1556d625b9,
        type: 3}
      propertyPath: m_AnchoredPosition.y
      value: 0
      objectReference: {fileID: 0}
    - target: {fileID: 8898830015910241529, guid: 35c4eaed51bda4038b789d1556d625b9,
        type: 3}
      propertyPath: m_LocalEulerAnglesHint.x
      value: 0
      objectReference: {fileID: 0}
    - target: {fileID: 8898830015910241529, guid: 35c4eaed51bda4038b789d1556d625b9,
        type: 3}
      propertyPath: m_LocalEulerAnglesHint.y
      value: 0
      objectReference: {fileID: 0}
    - target: {fileID: 8898830015910241529, guid: 35c4eaed51bda4038b789d1556d625b9,
        type: 3}
      propertyPath: m_LocalEulerAnglesHint.z
      value: 0
      objectReference: {fileID: 0}
    - target: {fileID: 8898830016104619701, guid: 35c4eaed51bda4038b789d1556d625b9,
        type: 3}
      propertyPath: m_Text
      value: 
      objectReference: {fileID: 0}
    - target: {fileID: 8898830016104619703, guid: 35c4eaed51bda4038b789d1556d625b9,
        type: 3}
      propertyPath: m_Colors.m_NormalColor.a
      value: 0
      objectReference: {fileID: 0}
    - target: {fileID: 8898830016104619703, guid: 35c4eaed51bda4038b789d1556d625b9,
        type: 3}
      propertyPath: m_Colors.m_PressedColor.a
      value: 0.6313726
      objectReference: {fileID: 0}
    - target: {fileID: 8898830016104619703, guid: 35c4eaed51bda4038b789d1556d625b9,
        type: 3}
      propertyPath: m_Colors.m_HighlightedColor.a
      value: 0.23921569
      objectReference: {fileID: 0}
    - target: {fileID: 9020275496924101952, guid: 35c4eaed51bda4038b789d1556d625b9,
        type: 3}
      propertyPath: m_text
      value: 'Sorry you did not win.

        Would you like to play again?'
      objectReference: {fileID: 0}
    m_RemovedComponents: []
  m_SourcePrefab: {fileID: 100100000, guid: 35c4eaed51bda4038b789d1556d625b9, type: 3}
--- !u!224 &1728479978 stripped
RectTransform:
  m_CorrespondingSourceObject: {fileID: 8898830016104619698, guid: 35c4eaed51bda4038b789d1556d625b9,
    type: 3}
  m_PrefabInstance: {fileID: 1728479977}
  m_PrefabAsset: {fileID: 0}
--- !u!224 &1728479979 stripped
RectTransform:
  m_CorrespondingSourceObject: {fileID: 8898830014774765503, guid: 35c4eaed51bda4038b789d1556d625b9,
    type: 3}
  m_PrefabInstance: {fileID: 1728479977}
  m_PrefabAsset: {fileID: 0}
--- !u!224 &1728479980 stripped
RectTransform:
  m_CorrespondingSourceObject: {fileID: 8898830015910241529, guid: 35c4eaed51bda4038b789d1556d625b9,
    type: 3}
  m_PrefabInstance: {fileID: 1728479977}
  m_PrefabAsset: {fileID: 0}
--- !u!1 &1728479981 stripped
GameObject:
  m_CorrespondingSourceObject: {fileID: 8898830015910241477, guid: 35c4eaed51bda4038b789d1556d625b9,
    type: 3}
  m_PrefabInstance: {fileID: 1728479977}
  m_PrefabAsset: {fileID: 0}
--- !u!114 &1728479982
MonoBehaviour:
  m_ObjectHideFlags: 0
  m_CorrespondingSourceObject: {fileID: 0}
  m_PrefabInstance: {fileID: 0}
  m_PrefabAsset: {fileID: 0}
  m_GameObject: {fileID: 1728479981}
  m_Enabled: 1
  m_EditorHideFlags: 0
  m_Script: {fileID: 11500000, guid: d8aff840a9c069a4e92f36537578800e, type: 3}
  m_Name: 
  m_EditorClassIdentifier: 
  card1: {fileID: 109872270}
  card2: {fileID: 1854834881}
  gift1: {fileID: 464348764}
--- !u!1001 &1854834880
PrefabInstance:
  m_ObjectHideFlags: 0
  serializedVersion: 2
  m_Modification:
    m_TransformParent: {fileID: 1728479980}
    m_Modifications:
    - target: {fileID: 7649828095288354218, guid: 72d691843ed184149a42f2677af99052,
        type: 3}
      propertyPath: m_Name
      value: card2
      objectReference: {fileID: 0}
    - target: {fileID: 7649828095288354218, guid: 72d691843ed184149a42f2677af99052,
        type: 3}
      propertyPath: m_IsActive
      value: 0
      objectReference: {fileID: 0}
    - target: {fileID: 7649828095288354219, guid: 72d691843ed184149a42f2677af99052,
        type: 3}
      propertyPath: m_Pivot.x
      value: 0.5
      objectReference: {fileID: 0}
    - target: {fileID: 7649828095288354219, guid: 72d691843ed184149a42f2677af99052,
        type: 3}
      propertyPath: m_Pivot.y
      value: 0.5
      objectReference: {fileID: 0}
    - target: {fileID: 7649828095288354219, guid: 72d691843ed184149a42f2677af99052,
        type: 3}
      propertyPath: m_RootOrder
      value: 4
      objectReference: {fileID: 0}
    - target: {fileID: 7649828095288354219, guid: 72d691843ed184149a42f2677af99052,
        type: 3}
      propertyPath: m_AnchorMax.x
      value: 0.5
      objectReference: {fileID: 0}
    - target: {fileID: 7649828095288354219, guid: 72d691843ed184149a42f2677af99052,
        type: 3}
      propertyPath: m_AnchorMax.y
      value: 0.5
      objectReference: {fileID: 0}
    - target: {fileID: 7649828095288354219, guid: 72d691843ed184149a42f2677af99052,
        type: 3}
      propertyPath: m_AnchorMin.x
      value: 0.5
      objectReference: {fileID: 0}
    - target: {fileID: 7649828095288354219, guid: 72d691843ed184149a42f2677af99052,
        type: 3}
      propertyPath: m_AnchorMin.y
      value: 0.5
      objectReference: {fileID: 0}
    - target: {fileID: 7649828095288354219, guid: 72d691843ed184149a42f2677af99052,
        type: 3}
      propertyPath: m_SizeDelta.x
      value: 70
      objectReference: {fileID: 0}
    - target: {fileID: 7649828095288354219, guid: 72d691843ed184149a42f2677af99052,
        type: 3}
      propertyPath: m_SizeDelta.y
      value: 100
      objectReference: {fileID: 0}
    - target: {fileID: 7649828095288354219, guid: 72d691843ed184149a42f2677af99052,
        type: 3}
      propertyPath: m_LocalPosition.x
      value: 0
      objectReference: {fileID: 0}
    - target: {fileID: 7649828095288354219, guid: 72d691843ed184149a42f2677af99052,
        type: 3}
      propertyPath: m_LocalPosition.y
      value: 0
      objectReference: {fileID: 0}
    - target: {fileID: 7649828095288354219, guid: 72d691843ed184149a42f2677af99052,
        type: 3}
      propertyPath: m_LocalPosition.z
      value: 0
      objectReference: {fileID: 0}
    - target: {fileID: 7649828095288354219, guid: 72d691843ed184149a42f2677af99052,
        type: 3}
      propertyPath: m_LocalRotation.w
      value: 1
      objectReference: {fileID: 0}
    - target: {fileID: 7649828095288354219, guid: 72d691843ed184149a42f2677af99052,
        type: 3}
      propertyPath: m_LocalRotation.x
      value: 0
      objectReference: {fileID: 0}
    - target: {fileID: 7649828095288354219, guid: 72d691843ed184149a42f2677af99052,
        type: 3}
      propertyPath: m_LocalRotation.y
      value: 0
      objectReference: {fileID: 0}
    - target: {fileID: 7649828095288354219, guid: 72d691843ed184149a42f2677af99052,
        type: 3}
      propertyPath: m_LocalRotation.z
      value: 0
      objectReference: {fileID: 0}
    - target: {fileID: 7649828095288354219, guid: 72d691843ed184149a42f2677af99052,
        type: 3}
      propertyPath: m_AnchoredPosition.x
      value: -377
      objectReference: {fileID: 0}
    - target: {fileID: 7649828095288354219, guid: 72d691843ed184149a42f2677af99052,
        type: 3}
      propertyPath: m_AnchoredPosition.y
      value: -188
      objectReference: {fileID: 0}
    - target: {fileID: 7649828095288354219, guid: 72d691843ed184149a42f2677af99052,
        type: 3}
      propertyPath: m_LocalEulerAnglesHint.x
      value: 0
      objectReference: {fileID: 0}
    - target: {fileID: 7649828095288354219, guid: 72d691843ed184149a42f2677af99052,
        type: 3}
      propertyPath: m_LocalEulerAnglesHint.y
      value: 0
      objectReference: {fileID: 0}
    - target: {fileID: 7649828095288354219, guid: 72d691843ed184149a42f2677af99052,
        type: 3}
      propertyPath: m_LocalEulerAnglesHint.z
      value: 0
      objectReference: {fileID: 0}
    m_RemovedComponents: []
  m_SourcePrefab: {fileID: 100100000, guid: 72d691843ed184149a42f2677af99052, type: 3}
--- !u!1 &1854834881 stripped
GameObject:
  m_CorrespondingSourceObject: {fileID: 7649828095288354218, guid: 72d691843ed184149a42f2677af99052,
    type: 3}
  m_PrefabInstance: {fileID: 1854834880}
  m_PrefabAsset: {fileID: 0}
--- !u!1 &1855931210
GameObject:
  m_ObjectHideFlags: 0
  m_CorrespondingSourceObject: {fileID: 0}
  m_PrefabInstance: {fileID: 0}
  m_PrefabAsset: {fileID: 0}
  serializedVersion: 6
  m_Component:
  - component: {fileID: 1855931215}
  - component: {fileID: 1855931211}
  - component: {fileID: 1855931214}
  - component: {fileID: 1855931213}
  - component: {fileID: 1855931212}
  - component: {fileID: 1855931216}
  - component: {fileID: 1855931217}
  m_Layer: 0
  m_Name: AR Camera
  m_TagString: Untagged
  m_Icon: {fileID: 0}
  m_NavMeshLayer: 0
  m_StaticEditorFlags: 0
  m_IsActive: 1
--- !u!20 &1855931211
Camera:
  m_ObjectHideFlags: 0
  m_CorrespondingSourceObject: {fileID: 0}
  m_PrefabInstance: {fileID: 0}
  m_PrefabAsset: {fileID: 0}
  m_GameObject: {fileID: 1855931210}
  m_Enabled: 1
  serializedVersion: 2
  m_ClearFlags: 2
  m_BackGroundColor: {r: 0, g: 0, b: 0, a: 1}
  m_projectionMatrixMode: 1
  m_GateFitMode: 2
  m_FOVAxisMode: 0
  m_SensorSize: {x: 36, y: 24}
  m_LensShift: {x: 0, y: 0}
  m_FocalLength: 50
  m_NormalizedViewPortRect:
    serializedVersion: 2
    x: 0
    y: 0
    width: 1
    height: 1
  near clip plane: 0.1
  far clip plane: 20
  field of view: 60
  orthographic: 0
  orthographic size: 5
  m_Depth: 0
  m_CullingMask:
    serializedVersion: 2
    m_Bits: 4294967295
  m_RenderingPath: -1
  m_TargetTexture: {fileID: 0}
  m_TargetDisplay: 0
  m_TargetEye: 3
  m_HDR: 1
  m_AllowMSAA: 1
  m_AllowDynamicResolution: 0
  m_ForceIntoRT: 0
  m_OcclusionCulling: 1
  m_StereoConvergence: 10
  m_StereoSeparation: 0.022
--- !u!114 &1855931212
MonoBehaviour:
  m_ObjectHideFlags: 0
  m_CorrespondingSourceObject: {fileID: 0}
  m_PrefabInstance: {fileID: 0}
  m_PrefabAsset: {fileID: 0}
  m_GameObject: {fileID: 1855931210}
  m_Enabled: 1
  m_EditorHideFlags: 0
  m_Script: {fileID: 11500000, guid: 816b289ef451e094f9ae174fb4cf8db0, type: 3}
  m_Name: 
  m_EditorClassIdentifier: 
  m_UseCustomMaterial: 0
  m_CustomMaterial: {fileID: 0}
  m_UseCustomRendererAsset: 0
  m_CustomRendererAsset: {fileID: 0}
--- !u!114 &1855931213
MonoBehaviour:
  m_ObjectHideFlags: 0
  m_CorrespondingSourceObject: {fileID: 0}
  m_PrefabInstance: {fileID: 0}
  m_PrefabAsset: {fileID: 0}
  m_GameObject: {fileID: 1855931210}
  m_Enabled: 1
  m_EditorHideFlags: 0
  m_Script: {fileID: 11500000, guid: 4966719baa26e4b0e8231a24d9bd491a, type: 3}
  m_Name: 
  m_EditorClassIdentifier: 
  m_FocusMode: 1
  m_LightEstimationMode: 0
--- !u!114 &1855931214
MonoBehaviour:
  m_ObjectHideFlags: 0
  m_CorrespondingSourceObject: {fileID: 0}
  m_PrefabInstance: {fileID: 0}
  m_PrefabAsset: {fileID: 0}
  m_GameObject: {fileID: 1855931210}
  m_Enabled: 1
  m_EditorHideFlags: 0
  m_Script: {fileID: 11500000, guid: 5a2a9c34df4095f47b9ca8f975175f5b, type: 3}
  m_Name: 
  m_EditorClassIdentifier: 
  m_Device: 0
  m_PoseSource: 6
  m_PoseProviderComponent: {fileID: 0}
  m_TrackingType: 0
  m_UpdateType: 0
  m_UseRelativeTransform: 0
--- !u!4 &1855931215
Transform:
  m_ObjectHideFlags: 0
  m_CorrespondingSourceObject: {fileID: 0}
  m_PrefabInstance: {fileID: 0}
  m_PrefabAsset: {fileID: 0}
  m_GameObject: {fileID: 1855931210}
  m_LocalRotation: {x: -0, y: -0, z: -0, w: 1}
  m_LocalPosition: {x: 0, y: 0, z: 0}
  m_LocalScale: {x: 1, y: 1, z: 1}
  m_Children: []
  m_Father: {fileID: 1267776807}
  m_RootOrder: 0
  m_LocalEulerAnglesHint: {x: 0, y: 0, z: 0}
--- !u!114 &1855931216
MonoBehaviour:
  m_ObjectHideFlags: 0
  m_CorrespondingSourceObject: {fileID: 0}
  m_PrefabInstance: {fileID: 0}
  m_PrefabAsset: {fileID: 0}
  m_GameObject: {fileID: 1855931210}
  m_Enabled: 1
  m_EditorHideFlags: 0
  m_Script: {fileID: 11500000, guid: 93ad7b3f1f1f94d1eb68a926e38dafda, type: 3}
  m_Name: 
  m_EditorClassIdentifier: 
  Timertext: {fileID: 0}
  nextSceneLoad: 0
  card1: {fileID: 0}
  card2: {fileID: 0}
  gift1: {fileID: 0}
--- !u!114 &1855931217
MonoBehaviour:
  m_ObjectHideFlags: 0
  m_CorrespondingSourceObject: {fileID: 0}
  m_PrefabInstance: {fileID: 0}
  m_PrefabAsset: {fileID: 0}
  m_GameObject: {fileID: 1855931210}
  m_Enabled: 1
  m_EditorHideFlags: 0
  m_Script: {fileID: 11500000, guid: 7f2b7fd26250b469895cd9b0aedc92d9, type: 3}
  m_Name: 
  m_EditorClassIdentifier: 
  arCamera: {fileID: 0}
  smoke: {fileID: 0}
  card1: {fileID: 0}
  card2: {fileID: 0}
--- !u!1 &1904007881
GameObject:
  m_ObjectHideFlags: 0
  m_CorrespondingSourceObject: {fileID: 0}
  m_PrefabInstance: {fileID: 0}
  m_PrefabAsset: {fileID: 0}
  serializedVersion: 6
  m_Component:
  - component: {fileID: 1904007884}
  - component: {fileID: 1904007883}
  - component: {fileID: 1904007882}
  m_Layer: 0
  m_Name: AR Session
  m_TagString: Untagged
  m_Icon: {fileID: 0}
  m_NavMeshLayer: 0
  m_StaticEditorFlags: 0
  m_IsActive: 1
--- !u!114 &1904007882
MonoBehaviour:
  m_ObjectHideFlags: 0
  m_CorrespondingSourceObject: {fileID: 0}
  m_PrefabInstance: {fileID: 0}
  m_PrefabAsset: {fileID: 0}
  m_GameObject: {fileID: 1904007881}
  m_Enabled: 1
  m_EditorHideFlags: 0
  m_Script: {fileID: 11500000, guid: fa850fbd5b8aded44846f96e35f1a9f5, type: 3}
  m_Name: 
  m_EditorClassIdentifier: 
--- !u!114 &1904007883
MonoBehaviour:
  m_ObjectHideFlags: 0
  m_CorrespondingSourceObject: {fileID: 0}
  m_PrefabInstance: {fileID: 0}
  m_PrefabAsset: {fileID: 0}
  m_GameObject: {fileID: 1904007881}
  m_Enabled: 1
  m_EditorHideFlags: 0
  m_Script: {fileID: 11500000, guid: 3859a92a05d4f5d418cb6ca605290e74, type: 3}
  m_Name: 
  m_EditorClassIdentifier: 
  m_AttemptUpdate: 1
  m_MatchFrameRate: 1
--- !u!4 &1904007884
Transform:
  m_ObjectHideFlags: 0
  m_CorrespondingSourceObject: {fileID: 0}
  m_PrefabInstance: {fileID: 0}
  m_PrefabAsset: {fileID: 0}
  m_GameObject: {fileID: 1904007881}
  m_LocalRotation: {x: 0, y: 0, z: 0, w: 1}
  m_LocalPosition: {x: 0, y: 0, z: 0}
  m_LocalScale: {x: 1, y: 1, z: 1}
  m_Children: []
  m_Father: {fileID: 0}
  m_RootOrder: 1
  m_LocalEulerAnglesHint: {x: 0, y: 0, z: 0}
